%@article{BaldwinEffect,
%title = "A hybrid genetic algorithm with the Baldwin effect ",
%journal = "Information Sciences ",
%volume = "180",
%number = "5",
%pages = "640 - 652",
%year = "2010",
%note = "",
%issn = "0020-0255",
%doi = "http://dx.doi.org/10.1016/j.ins.2009.11.015",
%url = "http://www.sciencedirect.com/science/article/pii/S002002550900485X",
%author = "Quan Yuan and Feng Qian and Wenli Du",
%keywords = "Hybrid genetic algorithm",
%keywords = "Local search",
%keywords = "Baldwin effect",
%keywords = "Global optimization",
%keywords = "Markov chains "
%}

@article{IB_GA,
title = "Intelligent bionic genetic algorithm (IB-GA) and its convergence ",
journal = "Expert Systems with Applications ",
volume = "38",
number = "7",
pages = "8804 - 8811",
year = "2011",
note = "",
issn = "0957-4174",
doi = "http://dx.doi.org/10.1016/j.eswa.2011.01.091",
url = "http://www.sciencedirect.com/science/article/pii/S0957417411001114",
author = "Fachao Li and Li Da Xu and Chenxia Jin and Hong Wang",
keywords = "Genetic algorithm",
keywords = "Real coding",
keywords = "Multi-reserved strategy",
keywords = "Weak arithmetic crossover",
keywords = "Compound mutation strategy",
keywords = "Markov chain "
}

@article{nearestPoint,
title = "Comparison of nearest point algorithms by genetic algorithms ",
journal = "Expert Systems with Applications ",
volume = "38",
number = "8",
pages = "10303 - 10311",
year = "2011",
note = "",
issn = "0957-4174",
doi = "http://dx.doi.org/10.1016/j.eswa.2011.02.056",
url = "http://www.sciencedirect.com/science/article/pii/S0957417411002624",
author = "Janne Koljonen",
keywords = "Genetic algorithm",
keywords = "Nearest point algorithm",
keywords = "Search",
keywords = "Testing "
}



@inproceedings{montana1989training,
  title={Training Feedforward Neural Networks Using Genetic Algorithms.},
  author={Montana, David J and Davis, Lawrence},
  booktitle={IJCAI},
  volume={89},
  pages={762--767},
  year={1989}
}

@INPROCEEDINGS{CloudComputing, 
author={Zhu, Kai and Huaguang Song and Lijing Liu and Gao, Jinzhu and Guojian Cheng}, 
booktitle={Services Computing Conference (APSCC), 2011 IEEE Asia-Pacific}, 
title={Hybrid Genetic Algorithm for Cloud Computing Applications}, 
year={2011}, 
pages={182-187}, 
keywords={cloud computing;genetic algorithms;multi-agent systems;resource allocation;virtual machines;cloud computing applications;computing resource schedule;hybrid genetic algorithm;load balancing;min-min strategy;multiagent genetic algorithm;virtual machines;virtualization technology;Cloud computing;Encoding;Genetic algorithms;Heuristic algorithms;Load management;Optimization;Processor scheduling;cloud computing;load balance;multi-agent genetic algorithm;virtualization technology}, 
doi={10.1109/APSCC.2011.66}, 
month={Dec}}



@misc{geneticsWebsite,
author = {Adam Marczyk},
title = {Genetic Algorithms and Evolutionary Computation},
year = {2004},
howpublished = {Avaliable: \url{http://www.talkorigins.org/faqs/genalg/genalg.html}},
 note = {Accessed: [06 October 2015]}
}


@misc{BernoulliDistribution,
author = {Eric Weisstein},
title = {Bernoulli Distribution},
year = {2015},
howpublished = {MathWorld A Wolfram Web Resource. Avaliable: \url{http://mathworld.wolfram.com/BernoulliDistribution.html}},
 note = {Accessed: [06 October 2015]}
}

@misc{MarkovChainTheory,
author = {Hongwei Zhang},
title = {Review of Markov Chain Theory},
year = {2015},
howpublished = {Avaliable: \url{http://www.cs.wayne.edu/~hzhang/courses/7290/Lectures/14\%20-\%20Review\%20of\%20Markov\%20Chain\%20Theory.pdf}},
 note = {Accessed: [19 October 2015]}
}



@book{MitchellBook,
 author = {Mitchell, Thomas M.},
 title = {Machine Learning},
 year = {1997},
 isbn = {0070428077, 9780070428072},
 edition = {1},
 publisher = {McGraw-Hill, Inc.},
 address = {New York, NY, USA},
}

@article{selectionMethods,
  title={Selection methods for genetic algorithms},
  author={Jebari, Khalid and Madiafi, Mohammed},
  journal={International Journal of Emerging Sciences},
  volume={3},
  number={4},
  year={2013}
}


